@book{transmission,
	title =		"SECURE DATA TRANSMISSION USING STEGANOGRAPHY AND ENCRYPTION TECHNIQUE",
	edition =	"Second",
	author =	"Shamim Ahmed","Kattamanchi Hemachandran",
	publisher =	"International Journal on Cryptography and Information Security",
	year =		"2012",
}
@book{transmission,
	title =		"Frank Miller: Inventor of the One-Time Pad",
	edition =	"Second",
	author =	"Bellovin","Steven M.",
	publisher =	"International Journal on Cryptography and Information Security",
	year =		"2011",
}
